@article{Hehnen.2020,
 author = {Hehnen, Tristan and Arnold, Lukas and {La Mendola}, Saverio},
 year = {2020},
 title = {Numerical Fire Spread Simulation Based on Material Pyrolysis---An Application to the CHRISTIFIRE Phase 1 Horizontal Cable Tray Tests},
 pages = {33},
 volume = {3},
 number = {3},
 journal = {Fire},
 doi = {10.3390/fire3030033},
 file = {dfd9b238-72b7-4b0e-b2c2-c8c020d5ae85:C\:\\Users\\bene-\\AppData\\Local\\Swiss Academic Software\\Citavi 6\\ProjectCache\\bclnwwjsdfjyictigcei1g4jth4zte2cp7ryv263nwcghuzx\\Citavi Attachments\\dfd9b238-72b7-4b0e-b2c2-c8c020d5ae85.pdf:pdf}
}

